jackm@jackm-Surface-Pro-4.12775:1576860447